@article{bargman2017counterfactual,
  title={Counterfactual simulations applied to SHRP2 crashes: The effect of driver behavior models on safety benefit estimations of intelligent safety systems},
  author={B{\"a}rgman, Jonas and Boda, Christian-Nils and Dozza, Marco},
  journal={Accident Analysis \& Prevention},
  volume={102},
  pages={165--180},
  year={2017},
  publisher={Elsevier}
}

@inproceedings{schreiner2007semi,
  title={A semi-automatic data annotation tool for driving simulator data reduction},
  author={Schreiner, Chris and Zhang, Harry and Guerrero, Claudia and Torkkola, Kari and Zhang, Keshu},
  booktitle={Driving Simulation Conference, North America},
  pages={9},
  year={2007},
  organization={Citeseer}
}

@article{bargman2013using,
  title={Using manual measurements on event recorder video and image processing algorithms to extract optical parameters and range},
  author={B{\"a}rgman, Jonas and Werneke, Julia and Boda, Christian-Nills and Engstr{\"o}m, Johan and Smith, Kip},
  year={2013},
  publisher={University of Iowa}
}

@article{wang2004simple,
  title={A simple and analytical procedure for calibrating extrinsic camera parameters},
  author={Wang, Fei-Yue},
  journal={IEEE Transactions on Robotics and Automation},
  volume={20},
  number={1},
  pages={121--124},
  year={2004},
  publisher={IEEE}
}

@misc{Udrive,
  author = {},
  title = {{What is Naturalistic Driving}},
  howpublished = "\url{http://www.udrive.eu/index.php/about-udrive/what-is-naturalistic-driving}",
  year = {}, 
  note = "[Online; accessed 20-Sept-2019]"
}

@article{wang2008new,
  title={A new calibration model of camera lens distortion},
  author={Wang, Jianhua and Shi, Fanhuai and Zhang, Jing and Liu, Yuncai},
  journal={Pattern Recognition},
  volume={41},
  number={2},
  pages={607--615},
  year={2008},
  publisher={Elsevier}
}

@article{CompDrivMod,
title = {A computational model of driving for autonomous vehicles},
journal = {Transportation Research Part A: Policy and Practice},
volume = {27},
number ={1},
pages = {23 - 50},
year = {1993},
issn = {0965-8564},
doi = {https://doi.org/10.1016/0965-8564(93)90014-C},
url = {http://www.sciencedirect.com/science/article/pii/096585649390014C},
author = {Douglas A. Reece and Steven A. Shafer},
}

@misc{Bosh,
title = {Operation principle of lane departure warning},
howpublished = "\url{https://www.bosch-mobility-solutions.com/en/products-and-services/passenger-cars-and-light-commercial-vehicles/driver-assistance-systems/lane-departure-warning/}",
}

@misc{Pickle_module,
title = {pickle - Python object serialization},
howpublished = "\url{https://docs.python.org/3/library/pickle.html}",
}

@misc{Time_module,
title = {Graphical User Interfaces with Tk},
howpublished = "\url{https://docs.python.org/3/library/time.html}",
}

@inproceedings{beggiato2013sequence,
  title={Sequence analysis of glance patterns to predict lane changes on urban arterial roads},
  author={Beggiato, Matthias and Krems, Josef F},
  booktitle={6. Tagung Fahrerassistenzsysteme},
  year={2013}
}

@techreport{lee2004comprehensive,
  title={A comprehensive examination of naturalistic lane-changes},
  author={Lee, Suzanne E and Olsen, Erik CB and Wierwille, Walter W and others},
  year={2004},
  institution={United States. National Highway Traffic Safety Administration}
}

@article{Tkinter_module,
  title={An introduction to tkinter},
  author={Lundh, Fredrik},
  journal={URL: www. pythonware. com/library/tkinter/introduction/index. htm},
  year={1999}
}

@book{scipy_module,
  title={SciPy and NumPy: an overview for developers},
  author={Bressert, Eli},
  year={2012},
  publisher={" O'Reilly Media, Inc."}
} 

@article{numpy_module,
  title={The NumPy array: a structure for efficient numerical computation},
  author={Van Der Walt, Stefan and Colbert, S Chris and Varoquaux, Gael},
  journal={Computing in Science \& Engineering},
  volume={13},
  number={2},
  pages={22},
  year={2011},
  publisher={IEEE Computer Society}
}

@article{matplotlib,
  title={Matplotlib: A 2D graphics environment},
  author={Hunter, John D},
  journal={Computing in science \& engineering},
  volume={9},
  number={3},
  pages={90},
  year={2007},
  publisher={IEEE Computer Society}
}

@article{math_module,
  title={Python for scientific computing},
  author={Oliphant, Travis E},
  journal={Computing in Science \& Engineering},
  volume={9},
  number={3},
  pages={10--20},
  year={2007},
  publisher={IEEE}
}

@book{OpenCV,
  title={Learning OpenCV: Computer vision with the OpenCV library},
  author={Bradski, Gary and Kaehler, Adrian},
  year={2008},
  publisher={" O'Reilly Media, Inc."}
}

@article{Researchgate,
title = {A Computer Vision based Lane Detection Approach},
url = {https://www.researchgate.net/publication/332298502_A_Computer_Vision_based_Lane_Detection_Approach},
author = {Rezwanul Haque, Milon Islam, Hasib Iqbal \& Kazi Saeed Alam},
year = {2019},
}

@article{IEEE,
title = {Robust Lane Detection for Complicated Road Environment Based on Normal Map},
url = {http://www.mit.edu/~yanyanxu/doc/ACCESS_Yuan_2018.pdf},
author = {CHANG YUAN, HUI CHEN \&  JU LIU},
year = {2018}
}


@book{bishop2005intelligent,
  title={Intelligent vehicle technology and trends},
  author={Bishop, Richard},
  year={2005}
}

@article{DOZZA2013298,
title = "Recognising safety critical events: Can automatic video processing improve naturalistic data analyses?",
journal = "Accident Analysis \& Prevention",
volume = "60",
pages = "298 - 304",
year = "2013",
issn = "0001-4575",
doi = "https://doi.org/10.1016/j.aap.2013.02.014",
url = "http://www.sciencedirect.com/science/article/pii/S0001457513000535",
author = "Marco Dozza and Nieves Pañeda González"
}

@InProceedings{Redmon_2016_CVPR,
author = {Redmon, Joseph and Divvala, Santosh and Girshick, Ross and Farhadi, Ali},
title = {You Only Look Once: Unified, Real-Time Object Detection},
booktitle = {The IEEE Conference on Computer Vision and Pattern Recognition (CVPR)},
month = {June},
year = {2016}
}

@misc{nilsson2018,
  title={Vehicle Tracking with Heading Estimation using a Mono Camera System},
  author={Nilsson, Fredrik},
  year={2018}
}

@ARTICLE{3dtrajectory,
author={S. D. {Blostein} and L. {Zhao} and R. M. {Chann}},
journal={IEEE Transactions on Aerospace and Electronic Systems},
title={Three-dimensional trajectory estimation from image position and velocity},
year={2000},
volume={36},
number={4},
pages={1075-1089},
doi={10.1109/7.892659},
ISSN={2371-9877},
month={Oct},}

@INPROCEEDINGS{FeatureBasedHomography,
author={M. {Gabb} and A. {Kaliuk} and T. {Ruland} and O. {Löhlein} and A. {Westenberger} and K. {Dietmayer}},
booktitle={2013 IEEE Intelligent Vehicles Symposium (IV)},
title={Feature-based monocular vehicle turn rate estimation from a moving platform},
year={2013},
volume={},
number={},
pages={642-647},
doi={10.1109/IVS.2013.6629539},
ISSN={1931-0587},
month={June},}

@INPROCEEDINGS{realtimePoseEstimation,
author={H. {Hajimolahoseini} and R. {Amirfattahi} and S. {Khorshidi}},
booktitle={2014 22nd Iranian Conference on Electrical Engineering (ICEE)},
title={Real-time pose estimation and tracking of rigid objects in 3D space using extended Kalman filter},
year={2014},
volume={},
number={},
pages={1545-1549},
doi={10.1109/IranianCEE.2014.6999781},
ISSN={2164-7054},
month={May},}

@INPROCEEDINGS{UAVPoseEstimation,
author={I. F. {Mondragón} and P. {Campoy} and C. {Martínez} and M. A. {Olivares-Méndez}},
booktitle={2010 IEEE International Conference on Robotics and Automation},
title={3D pose estimation based on planar object tracking for UAVs control},
year={2010},
volume={},
number={},
pages={35-41},
ISSN={1050-4729},
month={May},}

@ARTICLE{radarLidarCamera,
author={S. {Sivaraman} and M. M. {Trivedi}},
journal={IEEE Transactions on Intelligent Transportation Systems},
title={Looking at Vehicles on the Road: A Survey of Vision-Based Vehicle Detection, Tracking, and Behavior Analysis},
year={2013},
volume={14},
number={4},
pages={1773-1795},
doi={10.1109/TITS.2013.2266661},
ISSN={1558-0016},
month={Dec},}

@INPROCEEDINGS{IVSsurvey,
author={R. {Bishop}},
booktitle={Proceedings of the IEEE Intelligent Vehicles Symposium 2000 (Cat. No.00TH8511)},
title={A survey of intelligent vehicle applications worldwide},
year={2000},
volume={},
number={},
pages={25-30},
keywords={transport control;traffic engineering computing;reviews;intelligent vehicle applications;automobiles;trucks;public transport;industrial vehicles;military vehicles;safety;operational efficiency;ITS;IV systems;sensing;intelligent algorithms;driver assistance;Intelligent vehicles;Vehicle driving;Automatic control;Control systems;Automotive engineering;Defense industry;Electrical equipment industry;Safety;Automation;Automated highways},
doi={10.1109/IVS.2000.898313},
ISSN={null},
month={Oct},}

@INPROCEEDINGS{radarDoppler,
author={D. {Kellner} and M. {Barjenbruch} and K. {Dietmayer} and J. {Klappstein} and J. {Dickmann}},
booktitle={Proceedings of the 16th International Conference on Information Fusion},
title={Instantaneous lateral velocity estimation of a vehicle using Doppler radar},
year={2013},
volume={},
number={},
pages={877-884},
doi={},
ISSN={null},
month={July},}

@INPROCEEDINGS{timeofflightcam,
author={Y. {Cui} and S. {Schuon} and D. {Chan} and S. {Thrun} and C. {Theobalt}},
booktitle={2010 IEEE Computer Society Conference on Computer Vision and Pattern Recognition},
title={3D shape scanning with a time-of-flight camera},
year={2010},
volume={},
number={},
pages={1173-1180},
doi={10.1109/CVPR.2010.5540082},
ISSN={1063-6919},
month={June},}

@Article{Saxena2008,
author="Saxena, Ashutosh
and Chung, Sung H.
and Ng, Andrew Y.",
title="3-D Depth Reconstruction from a Single Still Image",
journal="International Journal of Computer Vision",
year="2008",
month="Jan",
day="01",
volume="76",
number="1",
pages="53--69",
issn="1573-1405",
doi="10.1007/s11263-007-0071-y",
url="https://doi.org/10.1007/s11263-007-0071-y"
}

@InProceedings{triangulation1,
author="Jamzad, M.
and Foroughnassiraei, A.
and Chiniforooshan, E.
and Ghorbani, R.
and Kazemi, M.
and Chitsaz, H.
and Mobasser, F.
and Sadjad, S. B.",
editor="Veloso, Manuela
and Pagello, Enrico
and Kitano, Hiroaki",
title="Middle Sized Soccer Robots: ARVAND",
booktitle="RoboCup-99: Robot Soccer World Cup III",
year="2000",
publisher="Springer Berlin Heidelberg",
address="Berlin, Heidelberg",
pages="61--73",
isbn="978-3-540-45327-7"
}
@phdthesis{alizadeh2015object,
  title={Object distance measurement using a single camera for robotic applications},
  author={Alizadeh, Peyman},
  year={2015},
  school={Laurentian University of Sudbury}
}

@article{triangulation2,
author = {Taha, Zahari and Mat Jizat, Jessnor Arif},
year = {2012},
month = {01},
pages = {},
title = {A Comparison of Two Approaches for Collision Avoidance of an Automated Guided Vehicle Using Monocular Vision},
journal = {Applied Mechanics and Materials}
}

@phdthesis{meng2016tool,
  title={Tool development and quantitative analysis for naturalistic Left Turn Across Path/Opposite direction (LTAP/OD) driving scenarios},
  author={Meng, Lin and Wang, Yifeng},
  year={2016},
  school={Masters thesis), Chalmers University of Technology, G{\"o}teborg, Sweden.(ISSN~…}
}

@article{shrp2,
  title={Analyzing Driver Behavior Using Data from the SHRP 2 Naturalistic Driving Study},
  author={Files, Trip},
  journal={SHRP 2 Safety Project Brief},
  year={2013},
  publisher={Citeseer}
}

@INPROCEEDINGS{SLee2012,
author={H. {Cheung} and W. {Siu} and S. {Lee} and L. {Poon} and {Chiu-Shing Ng}},
booktitle={2012 IEEE International Conference on Consumer Electronics (ICCE)},
title={Accurate distance estimation using camera orientation compensation technique for vehicle driver assistance system},
year={2012},
volume={},
number={},
pages={227-228},
doi={10.1109/ICCE.2012.6161840},
ISSN={2158-3994},
month={Jan},}

@Article{Palais2007,
author="Palais, Bob
and Palais, Richard",
title="Euler's fixed point theorem: The axis of a rotation",
journal="Journal of Fixed Point Theory and Applications",
year="2007",
month="Dec",
day="01",
volume="2",
number="2",
pages="215--220",
issn="1661-7746",
doi="10.1007/s11784-007-0042-5",
url="https://doi.org/10.1007/s11784-007-0042-5"
}

@article{WANG2004,
title = "Lane detection and tracking using B-Snake",
journal = "Image and Vision Computing",
volume = "22",
number = "4",
pages = "269 - 280",
year = "2004",
issn = "0262-8856",
doi = "https://doi.org/10.1016/j.imavis.2003.10.003",
url = "http://www.sciencedirect.com/science/article/pii/S0262885603002105",
author = "Yue Wang and Eam Khwang Teoh and Dinggang Shen",
}

@article{markkula2012review,
  title={A review of near-collision driver behavior models},
  author={Markkula, Gustav and Benderius, Ola and Wolff, Krister and Wahde, Mattias},
  journal={Human factors},
  volume={54},
  number={6},
  pages={1117--1143},
  year={2012},
  publisher={Sage Publications Sage CA: Los Angeles, CA}
}

@article{bexelius1968extended,
  title={An extended model for car-following},
  author={Bexelius, Sten},
  journal={Transportation Research},
  volume={2},
  number={1},
  pages={13--21},
  year={1968},
  publisher={Elsevier}
}

@article{hallmark2015evaluation,
  title={Evaluation of driving behavior on rural 2-lane curves using the SHRP 2 naturalistic driving study data},
  author={Hallmark, Shauna L and Tyner, Samantha and Oneyear, Nicole and Carney, Cher and McGehee, Dan},
  journal={Journal of safety research},
  volume={54},
  pages={17--e1},
  year={2015},
  publisher={Elsevier}
}

@techreport{hallmark2011evaluation,
  title={Evaluation of data needs, crash surrogates, and analysis methods to address lane departure research questions using naturalistic driving study data},
  author={Hallmark, Shauna and Hsu, Yu-Yi and Boyle, Linda and Carriquiry, Alicia and Tian, Ye and Mudgal, Abhisek},
  year={2011}
}

@book{xu2013epipolar,
  title={Epipolar geometry in stereo, motion and object recognition: a unified approach},
  author={Xu, Gang and Zhang, Zhengyou},
  volume={6},
  year={2013},
  publisher={Springer Science \& Business Media}
}

@article{duane1971close,
  title={Close-range camera calibration},
  author={Duane, C Brown},
  journal={Photogramm. Eng},
  volume={37},
  number={8},
  pages={855--866},
  year={1971}
}

@article{swaminathan2000nonmetric,
  title={Nonmetric calibration of wide-angle lenses and polycameras},
  author={Swaminathan, Rahul and Nayar, Shree K},
  journal={IEEE Transactions on Pattern Analysis and Machine Intelligence},
  volume={22},
  number={10},
  pages={1172--1178},
  year={2000},
  publisher={IEEE}
}

@article{DAI2015144,
title = "Euler–Rodrigues formula variations, quaternion conjugation and intrinsic connections",
journal = "Mechanism and Machine Theory",
volume = "92",
pages = "144 - 152",
year = "2015",
issn = "0094-114X",
doi = "https://doi.org/10.1016/j.mechmachtheory.2015.03.004",
url = "http://www.sciencedirect.com/science/article/pii/S0094114X15000415",
author = "Jian S. Dai",
}

@article{IEEE2014,
  title={Drive Analysis using Lane Semantics for Data Reduction in Naturalistic Driving Studies},
  author={Ravi Kumar Satzoda, Pujitha Gunaratne and Mohan M. Trivedi},
  journal={IEEE Intelligent Vehicles Symposium},
  year={2014},
  publisher={IEEE}
}

@article{Compvision,
title = "Vision Based Road Lane Detection System for Vehicles Guidance",
journal = "Australian Journal of Basic and Applied Sciences",
year = "2011",
issn = "1991-8178",
url = "https://www.researchgate.net/publication/228958566_Vision_Based_Road_Lane_Detection_System_for_Vehicles_Guidance",
author = "Othman O Khalifa, Md. Rafiqul Islam,  Abdulhakam.AM. Assidi, 
Aisha-Hassan Abdullah and Sheroz Khan ",
}

@article{EdgeDet,
title = "LANE DETECTION USING CANNY EDGE DETECTION AND HOUGH TRANSFORM ON RASPBERRY PI ",
journal = "International Journal of Advanced Research in Computer Scienc",
volume = "9",
year = "2018",
issn = " 0976-5697",
author = "Roshan Jahan, Preetam Suman and Deepak Kumar Singh ",
}

@book{ColorScale,
  title={Advanced Intelligent Computing Theories and Applications},
  author={De-Shuang Huang, Laurent Heutte, Martin McGinnity and Xiao-Ping Zhang},
  year={2010},
  publisher={Springer},
  issn = {1865-0929},
  url = "https://www.researchgate.net/publication/252662934_Advanced_Intelligent_Computing_Theories_and_Applications",
  pages = "304 - 311",

}

@article{GaussianFilter,
  year={2010},
  url = "https://www.cs.auckland.ac.nz/courses/compsci373s1c/PatricesLectures/Gaussian20Filtering_1up.pdf",
  publisher={The University of Auckland, New Zeeland},
}